% This file was created with JabRef 2.3.1.
% Encoding: ISO8859_1

@CONFERENCE{Agassounon+2002,
  author = {Agassounon, W. and Martinoli, A.},
  title = {{Efficiency and robustness of threshold-based distributed allocation
	algorithms in multi-agent systems}},
  booktitle = {Proceedings of the first international joint conference on Autonomous
	agents and multiagent systems: part 3},
  year = {2002},
  pages = {1097},
  timestamp = {2010.10.21}
}

@ARTICLE{Arcaute+2008,
  author = {Elsa Arcaute and Kim Christensen and Ana Sendova-Franks and Torbjorn
	Dahl and Angela Espinosa and Henrik J. Jensen},
  title = {Division of labour in ant colonies in terms of attractive fields},
  journal = {Ecol. Complexity},
  year = {2008},
  booktitle = {Ecol. Complex},
  owner = {20270089},
  timestamp = {2008.11.24}
}

@ARTICLE{Belta+2004,
  author = {Belta, C. and Kumar, V.},
  title = {{Abstraction and control for groups of robots}},
  journal = {IEEE Transactions on Robotics},
  year = {2004},
  volume = {20},
  pages = {865--875},
  number = {5},
  timestamp = {2010.10.21}
}

@BOOK{Bonabeau+1999,
  title = {Swarm intelligence: from natural to artificial systems},
  publisher = { Oxford University Press},
  year = {1999},
  author = {Eric Bonabeau and Marco Dorigo and Guy Theraulaz},
  pages = {307},
  timestamp = {2010.10.21}
}

@BOOK{Camazine+2001,
  title = {Self-organization in biological systems},
  publisher = {Princeton, N.J. : Princeton University Press},
  year = {2001},
  author = {Camazine, S. and Franks, N.R. and Sneyd, J. and Bonabeau, E. and
	Deneubourg, J.L. and Theraula, G.},
  isbn = {0691116245},
  keywords = {Biological systems; Self-organizing systems},
  timestamp = {2010.10.21}
}

@ARTICLE{Chaimowicz2002,
  author = {L. Chaimowicz and M. F. M. Campos and V. Kumar},
  title = {Dynamic role assignment for cooperative robots},
  journal = {Robotics and Automation, Proceedings. ICRA'02. IEEE International
	Conference},
  year = {2002},
  owner = {20270089},
  timestamp = {2008.06.12}
}

@ARTICLE{Dias+2006,
  author = {M. B. Dias and R. M. Zlot and N. Kalra and A. Stentz},
  title = {Market-based multirobot coordination: A survey and analysis},
  journal = {Proceedings of the IEEE},
  year = {2006},
  volume = {94},
  pages = {1257-1270},
  owner = {20270089},
  timestamp = {2008.06.12}
}

@ARTICLE{Gerkey+2001,
  author = {Gerkey, B.P. and Mataric, M.J.},
  title = {{Principled communication for dynamic multi-robot task allocation}},
  journal = {Experimental Robotics VII},
  year = {2001},
  pages = {353--362},
  publisher = {Springer},
  timestamp = {2010.10.21}
}

@ARTICLE{Gerkey+2004,
  author = {B. P. Gerkey and M. J. Mataric},
  title = {A Formal Analysis and Taxonomy of Task Allocation in Multi-Robot
	Systems},
  journal = {The International Journal of Robotics Research},
  year = {2004},
  volume = {23},
  pages = {939},
  keywords = {multi-robot control},
  timestamp = {2010.10.21}
}

@CONFERENCE{Jones+2000,
  author = {Jones, C. and Mataric, MJ},
  title = {{Adaptive division of labor in large-scale minimalist multi-robot
	systems}},
  booktitle = {Proceedings of 2003 IEEE/RSJ International Conference on Intelligent
	Robots and Systems, 2003 (IROS 2003)},
  year = {2003},
  timestamp = {2010.10.21}
}

@ARTICLE{kalra+2007,
  author = {Kalra, N. and Martinoli, A.},
  title = {A Comparative Study of Market-Based and Threshold-Based Task Allocation},
  journal = {Distributed Autonomous Robotic Systems 7},
  year = {2007},
  pages = {91--101},
  publisher = {Springer},
  timestamp = {2010.10.21}
}

@ARTICLE{Krieger+2000,
  author = {Krieger, M.J.B. and Billeter, J.B.},
  title = {The call of duty: Self-organised task allocation in a population
	of up to twelve mobile robots},
  journal = {Robotics and Autonomous Systems},
  year = {2000},
  volume = {30},
  pages = {65--84},
  number = {1-2},
  publisher = {Elsevier Science},
  timestamp = {2010.10.21}
}

@ARTICLE{Kube1997,
  author = {C. R. Kube},
  title = {Task Modelling in Collective Robotics},
  journal = {Autonomous Robots},
  year = {1997},
  volume = {4},
  pages = {53-72},
  owner = {20270089},
  timestamp = {2008.06.12}
}

@ARTICLE{Lazinica+2007,
  author = {Lazinica, A. and Katalinic, B.},
  title = {Bionic assembly system: new concept of self-organising multirobot
	system},
  journal = {International Journal of Automation and Control},
  year = {2007},
  volume = {1},
  pages = {16--27},
  number = {1},
  publisher = {Inderscience},
  timestamp = {2010.10.21}
}

@ARTICLE{Lerman+2006,
  author = {K. Lerman and C. Jones and A. Galstyan and M. J. Mataric},
  title = {Analysis of Dynamic Task Allocation in Multi-Robot Systems},
  journal = {The International Journal of Robotics Research},
  year = {2006},
  volume = {25},
  pages = {225},
  timestamp = {2010.10.21}
}

@ARTICLE{Liu+2007,
  author = {Liu, Wenguo and Winfield, Alan F. T. and Sa, Jin and Chen, Jie and
	Dou, Lihua},
  title = {Towards Energy Optimization: Emergent Task Allocation in a Swarm
	of Foraging Robots},
  journal = {Adaptive Behavior},
  year = {2007},
  volume = {15},
  pages = {289-305},
  number = {3},
  timestamp = {2010.10.21}
}

@CONFERENCE{Lochmatter+2008,
  author = {Lochmatter, T. and Roduit, P. and Cianci, C. and Correll, N. and
	Jacot, J. and Martinoli, A.},
  title = {Swistrack-a flexible open source tracking software for multi-agent
	systems},
  booktitle = {Proc. of IEEE/RSJ International Conference on Intelligent Robots
	and Systems, 2008. IROS 2008},
  year = {2008},
  pages = {4004--4010},
  timestamp = {2010.10.21}
}

@ARTICLE{Parker2008,
  author = {L. E. Parker},
  title = {Distributed Intelligence: Overview of the Field and its Application
	in Multi-Robot Systems},
  journal = {Journal of Physical Agents, special issue on multi-robot systems},
  year = {2008},
  volume = {2},
  pages = {5-14},
  number = {2},
  comment = {invited article},
  timestamp = {2010.10.21}
}

@ARTICLE{Parker1998,
  author = {L. E. Parker},
  title = {ALLIANCE: an architecture for fault tolerant multirobot cooperation},
  journal = {Robotics and Automation, IEEE Transactions on},
  year = {1998},
  volume = {14},
  pages = {220-240},
  owner = {20270089},
  timestamp = {2008.06.12}
}

@MISC{Pennington+2010,
  author = {Pennington, H. and Carlsson, A. and Larsson, A.},
  title = {D-bus specification},
  year = {2010},
  timestamp = {2010.05.21},
  url = {http://dbus.freedesktop.org/doc/dbus-specification.html}
}

@CONFERENCE{Sarker2010control,
  author = {Sarker, M.O.F. and Dahl, T.S.},
  title = {{Flexible Communication in Multi-robotic Control System Using HEAD:
	Hybrid Event-driven Architecture on D-Bus}},
  booktitle = {Proc. of the UKACC International Conference on Control 2010 (CONTROL
	2010), Coventry, UK},
  year = {2010},
  pages = {926-931},
  month = {September 7-10},
  timestamp = {2010.10.21}
}

@ARTICLE{Ueda2006,
  author = {Ueda, K.},
  title = {Emergent Synthesis Approaches to Biological Manufacturing Systems},
  journal = {Digital Enterprise Technology},
  year = {2007},
  pages = {25--34},
  publisher = {Springer}
}

@comment{jabref-meta: selector_publisher:}

@comment{jabref-meta: selector_author:}

@comment{jabref-meta: selector_journal:}

@comment{jabref-meta: selector_keywords:}

